
@article{chua1971memristor,
    title={Memristor-the missing circuit element},
    author={Chua, Leon},
    journal={IEEE Transactions on circuit theory},
    volume={18},
    number={5},
    pages={507--519},
    year={1971},
    publisher={IEEE}
}

@article{hu2016dot,
    title={Dot-product engine as computing memory to accelerate machine learning algorithms},
    author={Hu, Miao and Strachan, John Paul and Li, Zhiyong and Stanley, R and others},
    booktitle={2016 17th International Symposium on Quality Electronic Design (ISQED)},
    pages={374--379},
    year={2016},
    organization={IEEE}
}

@article{shafiee2016isaac,
    author = {Shafiee, Ali and Nag, Anirban and Muralimanohar, Naveen and Balasubramonian, Rajeev and Strachan, John Paul and Hu, Miao and Williams, R. Stanley and Srikumar, Vivek},
    title = {ISAAC: A Convolutional Neural Network Accelerator with In-situ Analog Arithmetic in Crossbars},
    journal = {SIGARCH Comput. Archit. News},
    issue_date = {June 2016},
    volume = {44},
    number = {3},
    month = jun,
    year = {2016},
    issn = {0163-5964},
    pages = {14--26},
    numpages = {13},
    url = {http://doi.acm.org/10.1145/3007787.3001139},
    doi = {10.1145/3007787.3001139},
    acmid = {3001139},
    publisher = {ACM},
    address = {New York, NY, USA},
    keywords = {CNN, DNN, accelerator, analog, memristor, neural},
} 

@article{ankit2019puma,
    title={PUMA: A programmable ultra-efficient memristor-based accelerator for machine learning inference},
    author={Ankit, Aayush and Hajj, Izzat El and Chalamalasetti, Sai Rahul and Ndu, Geoffrey and Foltin, Martin and Williams, R Stanley and Faraboschi, Paolo and Hwu, Wen-mei W and Strachan, John Paul and Roy, Kaushik and others},
    booktitle={Proceedings of the Twenty-Fourth International Conference on Architectural Support for Programming Languages and Operating Systems},
    pages={715--731},
    year={2019},
    organization={ACM}
}

@article{chen2014dadiannao,
    title={Dadiannao: A machine-learning supercomputer},
    author={Chen, Yunji and Luo, Tao and Liu, Shaoli and Zhang, Shijin and He, Liqiang and Wang, Jia and Li, Ling and Chen, Tianshi and Xu, Zhiwei and Sun, Ninghui and others},
    booktitle={Proceedings of the 47th Annual IEEE/ACM International Symposium on Microarchitecture},
    pages={609--622},
    year={2014},
    organization={IEEE Computer Society}
}

@article{li:2020:dccpi,
    title={dCCPI-predictor: A state-aware approach for effectively predicting cross-core performance interference},
    author={Li, Jingwei and Qi, Yong and Wei, Wei and Lin, Jinwei and Wozniak, Marcin and Damasevicius, Robertas},
    journal={Future Generation Computer Systems},
    volume={105},
    pages={184--195},
    year={2020},
    publisher={Elsevier}
}

@article{emmerich:2018:ovs-throughput,
    title={Throughput and latency of virtual switching with open vswitch: A quantitative analysis},
    author={Emmerich, Paul and Raumer, Daniel and Gallenm{\"u}ller, Sebastian and Wohlfart, Florian and Carle, Georg},
    journal={Journal of Network and Systems Management},
    volume={26},
    number={2},
    pages={314--338},
    year={2018},
    publisher={Springer}
}

@article{vieira:2020:fast-ebpf-xdp,
    author = {Vieira, Marcos A. M. and Castanho, Matheus S. and Pac\'{\i}fico, Racyus D. G. and Santos, Elerson R. S. and J\'{u}nior, Eduardo P. M. C\^{a}mara and Vieira, Luiz F. M.},
    title = {Fast Packet Processing with EBPF and XDP: Concepts, Code, Challenges, and Applications},
    year = {2020},
    issue_date = {February 2020},
    publisher = {Association for Computing Machinery},
    address = {New York, NY, USA},
    volume = {53},
    number = {1},
    issn = {0360-0300},
    doi = {10.1145/3371038},
    journal = {ACM Comput. Surv.},
    month = feb,
    articleno = {16},
    numpages = {36},
    keywords = {packet processing, Computer networking, network functions}
}

@article{miano:2018:ebpf-experience,
    author={S. {Miano} and M. {Bertrone} and F. {Risso} and M. {Tumolo} and M. V. {Bernal}},
    booktitle={2018 IEEE 19th International Conference on High Performance Switching and Routing (HPSR)}, 
    title={Creating Complex Network Services with eBPF: Experience and Lessons Learned}, 
    year={2018},
    volume={},
    number={},
    pages={1-8}
}

@ARTICLE{miano:2019:smartnics-ddos,
    author={S. {Miano} and R. {Doriguzzi-Corin} and F. {Risso} and D. {Siracusa} and R. {Sommese}},
    journal={IEEE Access}, 
    title={Introducing SmartNICs in Server-Based Data Plane Processing: The DDoS Mitigation Use Case}, 
    year={2019},
    volume={7},
    number={},
    pages={107161-107170}
}

@article{tork:2020:lynx,
    title={Lynx: A SmartNIC-driven Accelerator-centric Architecture for Network Servers},
    author={Tork, Maroun and Maudlej, Lina and Silberstein, Mark},
    booktitle={Proceedings of the Twenty-Fifth International Conference on Architectural Support for Programming Languages and Operating Systems},
    pages={117--131},
    year={2020}
}

@article{choi:2019:lambda-nic,
    author = {Choi, Sean and Shahbaz, Muhammad and Prabhakar, Balaji and Rosenblum, Mendel},
    title = {Lambda-NIC: Interactive Serverless Compute on SmartNICs},
    year = {2019},
    isbn = {9781450368865},
    publisher = {Association for Computing Machinery},
    address = {New York, NY, USA},
    url = {https://doi.org/10.1145/3342280.3342341},
    doi = {10.1145/3342280.3342341},
    booktitle = {Proceedings of the ACM SIGCOMM 2019 Conference Posters and Demos},
    pages = {151–152},
    numpages = {2},
    keywords = {SmartNIC, and NPU, P4, Serverless compute},
    location = {Beijing, China},
    series = {SIGCOMM Posters and Demos ’19},
    journal={}
}

@article{bertrone:2018:ebpf-throughput,
author = {Bertrone, Matteo and Miano, Sebastiano and Risso, Fulvio and Tumolo, Massimo},
title = {Accelerating Linux Security with EBPF Iptables},
year = {2018},
isbn = {9781450359153},
publisher = {Association for Computing Machinery},
address = {New York, NY, USA},
url = {https://doi.org/10.1145/3234200.3234228},
doi = {10.1145/3234200.3234228},
booktitle = {Proceedings of the ACM SIGCOMM 2018 Conference on Posters and Demos},
pages = {108–110},
numpages = {3},
keywords = {XDP, eBPF, Linux, iptables},
location = {Budapest, Hungary},
series = {SIGCOMM ’18}
}










@techreport{restecki:2020:iptables-ebpf,
    title = {{Replacing iptables with eBPF in Kubernetes with Cilium}},
    author = {Michal Rostecki and Swaminathan Vasudevan},
    group = {SUSE},
    year = {2020},
    institution = {SUSE}
}

@techreport{beckett:2018:ebpf-xdp,
    title = {{eBPF/XDP}},
    author = {David Beckett and Jakub Kicinski},
    group = {Netronome},
    year = {2018},
    institution = {Netronome}
}
